@misc{OpenPMD,
  author       = {Huebl, Axel and
                  Lehe, Rémi and
                  Vay, Jean-Luc and
                  Grote, David P. and
                  Sbalzarini, Ivo and
                  Kuschel, Stephan and
                  Sagan, David and
                  Pérez, Frédéric and
                  Koller, Fabian and
                  Bussmann, Michael},
  title        = {{openPMD: A meta data standard for particle and mesh based data}},
  year         = 2015,
  publisher    = {Zenodo},
  doi          = {10.5281/zenodo.591699},
  url          = {https://github.com/openPMD},
  howpublished = {https://doi.org/10.5281/zenodo.591699}
} % https://www.openPMD.org

@misc{PICMI,
  title = {{PICMI: Standard input format for Particle-In-Cell codes}},
  url = {https://github.com/picmi-standard}
}

@misc{VizSchema,
title = {{VizSchema}},
howpublished = {https://www.txcorp.com}
}